<?xml version="1.0" encoding="UTF-8"?>
<record xmlns="http://www.loc.gov/MARC21/slim" xmlns:xsi="http://www.w3.org/2001/XMLSchema-instance" xsi:schemaLocation="http://www.loc.gov/MARC21/slim http://www.loc.gov/standards/marcxml/schema/MARC21slim.xsd">
<leader>00000cam a22      a 4500</leader>
<controlfield tag="001">001766536</controlfield>
<controlfield tag="003">NNU</controlfield>
<controlfield tag="005">20151019170236.0</controlfield>
<controlfield tag="008">960612s1969    ir a     b    001 0 ara d</controlfield>
<datafield tag="010" ind1=" " ind2=" ">
<subfield code="a">   99430657</subfield>
</datafield>
<datafield tag="035" ind1=" " ind2=" ">
<subfield code="a">(OCoLC)46874151</subfield>
<subfield code="z">(OCoLC)51042177</subfield>
</datafield>
<datafield tag="040" ind1=" " ind2=" ">
<subfield code="a">HLS</subfield>
<subfield code="b">eng</subfield>
<subfield code="c">HLS</subfield>
<subfield code="d">OSU</subfield>
<subfield code="d">OCLCG</subfield>
<subfield code="d">DLC</subfield>
<subfield code="d">OCLCA</subfield>
<subfield code="d">OCLCQ</subfield>
<subfield code="d">OCLCO</subfield>
<subfield code="d">OCLCQ</subfield>
<subfield code="d">OCLCO</subfield>
<subfield code="d">OCLCF</subfield>
<subfield code="d">NNU</subfield>
</datafield>
<datafield tag="041" ind1="1" ind2=" ">
<subfield code="a">araper</subfield>
<subfield code="h">ara</subfield>
</datafield>
<datafield tag="050" ind1=" " ind2="4">
<subfield code="a">QA444</subfield>
<subfield code="b">.I25 1969</subfield>
</datafield>
<datafield tag="100" ind1="1" ind2=" ">
<subfield code="6">880-01</subfield>
<subfield code="a">Ibn Ṭāhir al-Baghdādī, ʻAbd al-Qāhir,</subfield>
<subfield code="d">-1037.</subfield>
</datafield>
<datafield tag="240" ind1="1" ind2="0">
<subfield code="6">880-02</subfield>
<subfield code="a">Īḍāḥ ʻan uṣūl ṣināʻat al-massāḥ.</subfield>
<subfield code="l">Arabic &amp; Persian</subfield>
</datafield>
<datafield tag="245" ind1="1" ind2="0">
<subfield code="6">880-03</subfield>
<subfield code="a">Kitāb al-Īḍāḥ ʻan uṣūl ṣināʻat al-massāḥ /</subfield>
<subfield code="c">taʼlīf Abū Manṣūr ʻAbd al-Qāhir ibn Ṭāhir ibn Muḥammad ibn ʻAbd Allāh Tamīmī ; tarjamahu Abū al-Futūḥ Muntajab al-Dīn Asʻad ibn Maḥmūd Iṣfahānī.</subfield>
</datafield>
<datafield tag="246" ind1="3" ind2="0">
<subfield code="6">880-04</subfield>
<subfield code="a">Īḍāḥ ʻan uṣūl ṣināʻat al-massāh</subfield>
</datafield>
<datafield tag="260" ind1=" " ind2=" ">
<subfield code="6">880-05</subfield>
<subfield code="a">[Tehran] :</subfield>
<subfield code="b">Bunyād-i Farhang-i Īrān,</subfield>
<subfield code="c">[1347 i.e. 1969]</subfield>
</datafield>
<datafield tag="300" ind1=" " ind2=" ">
<subfield code="a">[8], 182 pages :</subfield>
<subfield code="b">illustrations ;</subfield>
<subfield code="c">25 cm.</subfield>
</datafield>
<datafield tag="336" ind1=" " ind2=" ">
<subfield code="a">text</subfield>
<subfield code="b">txt</subfield>
<subfield code="2">rdacontent</subfield>
</datafield>
<datafield tag="337" ind1=" " ind2=" ">
<subfield code="a">unmediated</subfield>
<subfield code="b">n</subfield>
<subfield code="2">rdamedia</subfield>
</datafield>
<datafield tag="338" ind1=" " ind2=" ">
<subfield code="a">volume</subfield>
<subfield code="b">nc</subfield>
<subfield code="2">rdacarrier</subfield>
</datafield>
<datafield tag="490" ind1="1" ind2=" ">
<subfield code="6">880-06</subfield>
<subfield code="a">Intishārāt-i Bunyād-i Farhang-i Īrān ;</subfield>
<subfield code="v">51</subfield>
</datafield>
<datafield tag="490" ind1="1" ind2=" ">
<subfield code="6">880-07</subfield>
<subfield code="a">ʻIlm dar Īrān ;</subfield>
<subfield code="v">8</subfield>
</datafield>
<datafield tag="546" ind1=" " ind2=" ">
<subfield code="a">Arabic and Persian texts.</subfield>
</datafield>
<datafield tag="504" ind1=" " ind2=" ">
<subfield code="a">Includes bibliographical references and index.</subfield>
</datafield>
<datafield tag="650" ind1=" " ind2="0">
<subfield code="a">Mathematics, Arab.</subfield>
</datafield>
<datafield tag="650" ind1=" " ind2="0">
<subfield code="a">Geometry</subfield>
<subfield code="v">Early works to 1800.</subfield>
</datafield>
<datafield tag="650" ind1=" " ind2="7">
<subfield code="a">Geometry.</subfield>
<subfield code="2">fast</subfield>
<subfield code="0">(OCoLC)fst00940864.</subfield>
</datafield>
<datafield tag="650" ind1=" " ind2="7">
<subfield code="a">Mathematics, Arab.</subfield>
<subfield code="2">fast</subfield>
<subfield code="0">(OCoLC)fst01012356.</subfield>
</datafield>
<datafield tag="655" ind1=" " ind2="7">
<subfield code="a">Early works.</subfield>
<subfield code="2">fast</subfield>
<subfield code="0">(OCoLC)fst01411636.</subfield>
</datafield>
<datafield tag="700" ind1="1" ind2=" ">
<subfield code="6">880-08</subfield>
<subfield code="a">Abū al-Futūḥ al-Iṣbahānī al-ʻIjlī, Asʻad ibn Maḥmūd,</subfield>
<subfield code="d">1120 or 1121-1203.</subfield>
</datafield>
<datafield tag="740" ind1="0" ind2=" ">
<subfield code="6">880-09</subfield>
<subfield code="a">Īḍāḥ ʻan uṣūl ṣināʻat al-massāh</subfield>
</datafield>
<datafield tag="752" ind1=" " ind2=" ">
<subfield code="a">Iran</subfield>
<subfield code="d">Tehran.</subfield>
</datafield>
<datafield tag="880" ind1="1" ind2=" ">
<subfield code="6">100-01/</subfield>
<subfield code="a">ابن طاهر البغدادي، عبد القاهر،</subfield>
<subfield code="d">-1037.</subfield>
</datafield>
<datafield tag="880" ind1="1" ind2="0">
<subfield code="6">240-02/</subfield>
<subfield code="a">ايضاح عن اصول صناعة المساح</subfield>
</datafield>
<datafield tag="880" ind1="1" ind2="0">
<subfield code="6">245-03/</subfield>
<subfield code="a">كتاب الايضاح عن اصول صناعة المساح /</subfield>
<subfield code="c">تأليف ابو منصور عبد القاهر بن طاهر بن محمد بن عبد الله تميمي ؛ ترجمه ابو الفتوح منتجب الدين اسعد بن محمود اصفهاني.</subfield>
</datafield>
<datafield tag="880" ind1="3" ind2="0">
<subfield code="6">246-04/</subfield>
<subfield code="a">‏إيضاح عن اصول صناعة المساح</subfield>
</datafield>
<datafield tag="880" ind1=" " ind2=" ">
<subfield code="6">260-05/</subfield>
<subfield code="a">[طهران] :</subfield>
<subfield code="b">بنيادا فرهنگا ايران،</subfield>
<subfield code="c">[1347 i.e. 1969]</subfield>
</datafield>
<datafield tag="880" ind1="1" ind2=" ">
<subfield code="6">490-06/</subfield>
<subfield code="a">انتشارات بنياد فرهنگ ايران ؛</subfield>
<subfield code="v">51</subfield>
</datafield>
<datafield tag="880" ind1="1" ind2=" ">
<subfield code="6">490-07/</subfield>
<subfield code="a">علم در ايران ؛</subfield>
<subfield code="v">8</subfield>
</datafield>
<datafield tag="880" ind1="1" ind2=" ">
<subfield code="6">700-08/</subfield>
<subfield code="a">ابو الفتوح اصفهاني، اسعد بن محمود،,</subfield>
<subfield code="d">1120 or 1121-1203.</subfield>
</datafield>
<datafield tag="880" ind1="0" ind2=" ">
<subfield code="6">740-09/</subfield>
<subfield code="a">‏أيضاح عن اصول صناعة المساح.</subfield>
</datafield>
<datafield tag="830" ind1=" " ind2="0">
<subfield code="6">880-10</subfield>
<subfield code="a">Intishārāt-i Bunyād-i Farhang-i Īrān ;</subfield>
<subfield code="v">51.</subfield>
</datafield>
<datafield tag="880" ind1=" " ind2="0">
<subfield code="6">830-10/</subfield>
<subfield code="a">انتشارات بنياد فرهنگ ايران ;</subfield>
<subfield code="v">51.</subfield>
</datafield>
<datafield tag="830" ind1=" " ind2="0">
<subfield code="6">880-11</subfield>
<subfield code="a">ʻIlm dar Īrān ;</subfield>
<subfield code="v">8.</subfield>
</datafield>
<datafield tag="880" ind1=" " ind2="0">
<subfield code="6">830-11/</subfield>
<subfield code="a">علم در ايران ;</subfield>
<subfield code="v">8.</subfield>
</datafield>
<datafield tag="OWN" ind1=" " ind2=" ">
<subfield code="a">GENERAL</subfield>
</datafield>
<datafield tag="AVA" ind1=" " ind2=" ">
<subfield code="a">NYU50</subfield>
<subfield code="b">BOBST</subfield>
<subfield code="c">Main Collection</subfield>
<subfield code="d">QA444 .I25 1969</subfield>
<subfield code="e">unavailable</subfield>
<subfield code="t">Unavailable</subfield>
<subfield code="f">1</subfield>
<subfield code="g">1</subfield>
<subfield code="h">N</subfield>
<subfield code="i">0</subfield>
<subfield code="j">MAIN</subfield>
<subfield code="k">0</subfield>
</datafield>
</record>
